@BOOK{tapscot:growing98,
    author    = "Don Tapscott",
    title     = "Growing Up Digital : The Rise of the Net Generation",
    publisher = "McGraw-Hill",
    address   = "New York",
    year      = "1998",
    note      = "338\,s.",
    isbn      = "0-07-063361-4"
}